<record><leader>00000cas a2200000 a 4500</leader><controlfield tag="001">12848736</controlfield><controlfield tag="008">851126d1851185ugaudr ne      0    0eng c</controlfield><datafield ind1=" " ind2=" " tag="010"><subfield code="a">sn 85034437 </subfield></datafield><datafield ind1=" " ind2=" " tag="040"><subfield code="a">NPU</subfield><subfield code="b">eng</subfield><subfield code="c">NPU</subfield><subfield code="d">NPX</subfield><subfield code="d">PPM</subfield><subfield code="d">DLC</subfield><subfield code="d">OCL</subfield><subfield code="d">NLG</subfield><subfield code="d">DLC</subfield><subfield code="d">NLG</subfield><subfield code="d">FUG</subfield><subfield code="d">CVF</subfield><subfield code="d">OCL</subfield><subfield code="d">GUA</subfield><subfield code="d">CRL</subfield><subfield code="d">OCLCQ</subfield><subfield code="d">OCLCF</subfield></datafield><datafield ind1="1" ind2=" " tag="029"><subfield code="a">AU@</subfield><subfield code="b">000004531055</subfield></datafield><datafield ind1=" " ind2=" " tag="042"><subfield code="a">pcc</subfield></datafield><datafield ind1=" " ind2=" " tag="043"><subfield code="a">n-us-ga</subfield></datafield><datafield ind1=" " ind2=" " tag="090"><subfield code="a">AN</subfield></datafield><datafield ind1="0" ind2="4" tag="245"><subfield code="a">The Daily constitutionalist and republic.</subfield></datafield><datafield ind1=" " ind2=" " tag="260"><subfield code="a">Augusta, Ga. :</subfield><subfield code="b">James Gardner, Jr.,</subfield><subfield code="c">[1851]-</subfield></datafield><datafield ind1=" " ind2=" " tag="300"><subfield code="a">v.</subfield></datafield><datafield ind1=" " ind2=" " tag="310"><subfield code="a">Daily</subfield></datafield><datafield ind1="0" ind2=" " tag="362"><subfield code="a">New ser., v. 6, no. 213 (Sept. 7, 1851)-</subfield></datafield><datafield ind1=" " ind2=" " tag="530"><subfield code="a">Also on microfilm: Athens, Ga. : University of Georgia Libraries.</subfield></datafield><datafield ind1=" " ind2=" " tag="588"><subfield code="a">Description based on: Vol. 9, no. 152 (July 1, 1854).</subfield></datafield><datafield ind1=" " ind2=" " tag="588"><subfield code="a">Latest issue consulted: Vol. 9 (Dec. 30, 1854).</subfield></datafield><datafield ind1=" " ind2="0" tag="651"><subfield code="a">Augusta (Ga.)</subfield><subfield code="v">Newspapers.</subfield></datafield><datafield ind1=" " ind2="0" tag="651"><subfield code="a">Richmond County (Ga.)</subfield><subfield code="v">Newspapers.</subfield></datafield><datafield ind1=" " ind2="7" tag="655"><subfield code="a">Newspapers.</subfield><subfield code="2">fast</subfield><subfield code="0">(OCoLC)fst01423814</subfield></datafield><datafield ind1=" " ind2="7" tag="651"><subfield code="a">Georgia</subfield><subfield code="z">Augusta.</subfield><subfield code="2">fast</subfield><subfield code="0">(OCoLC)fst01206406</subfield></datafield><datafield ind1=" " ind2="7" tag="651"><subfield code="a">Georgia</subfield><subfield code="z">Richmond County.</subfield><subfield code="2">fast</subfield><subfield code="0">(OCoLC)fst01215116</subfield></datafield><datafield ind1=" " ind2=" " tag="752"><subfield code="a">United States</subfield><subfield code="b">Georgia</subfield><subfield code="c">Richmond</subfield><subfield code="d">Augusta.</subfield></datafield><datafield ind1="0" ind2=" " tag="775"><subfield code="t">Weekly Georgia constitutionalist, and weekly republic</subfield><subfield code="w">(DLC)sn 85034436</subfield><subfield code="w">(OCoLC)12848673</subfield></datafield><datafield ind1="0" ind2=" " tag="775"><subfield code="t">Weekly Georgia constitutionalist and republic</subfield><subfield code="w">(DLC)sn 85034440</subfield><subfield code="w">(OCoLC)12870170</subfield></datafield><datafield ind1="0" ind2=" " tag="775"><subfield code="t">Constitutionalist and republic</subfield><subfield code="w">(DLC)sn 90052017</subfield><subfield code="w">(OCoLC)21478140</subfield></datafield><datafield ind1="0" ind2="4" tag="780"><subfield code="t">Daily constitutionalist (Augusta, Ga. : 1846)</subfield><subfield code="w">(DLC)sn 90052029</subfield><subfield code="w">(OCoLC)21665964</subfield></datafield><datafield ind1="0" ind2="4" tag="780"><subfield code="t">Tri-weekly republic (Augusta, Ga.)</subfield><subfield code="w">(DLC)sn 87090466</subfield><subfield code="w">(OCoLC)15286706</subfield></datafield><datafield ind1="0" ind2="0" tag="785"><subfield code="t">Daily constitutionalist (Augusta, Ga. : 1856)</subfield><subfield code="w">(DLC)sn 87090234</subfield><subfield code="w">(OCoLC)15477984</subfield></datafield></record>